<record><leader>00000cas a22000007a 4500</leader><controlfield tag="001">10838651</controlfield><controlfield tag="008">840613d18651902iauwr ne      0    0eng d</controlfield><datafield ind1=" " ind2=" " tag="010"><subfield code="a">sn 84027023 </subfield></datafield><datafield ind1=" " ind2=" " tag="040"><subfield code="a">NPU</subfield><subfield code="b">eng</subfield><subfield code="c">NPU</subfield><subfield code="d">NPX</subfield><subfield code="d">INP</subfield><subfield code="d">OCLCQ</subfield></datafield><datafield ind1=" " ind2=" " tag="042"><subfield code="a">msc</subfield></datafield><datafield ind1="0" ind2="4" tag="245"><subfield code="a">The Upper Des Moines.</subfield></datafield><datafield ind1=" " ind2=" " tag="260"><subfield code="a">Algona, Iowa :</subfield><subfield code="b">J.H. Warren,</subfield><subfield code="c">-1902.</subfield></datafield><datafield ind1=" " ind2=" " tag="300"><subfield code="a">v.</subfield></datafield><datafield ind1=" " ind2=" " tag="310"><subfield code="a">Weekly</subfield></datafield><datafield ind1="1" ind2=" " tag="362"><subfield code="a">Began in 1865.</subfield><subfield code="z">Cf. Bibl. of Iowa newspapers.</subfield></datafield><datafield ind1="0" ind2=" " tag="362"><subfield code="a">-v. 37, no. 15 (June 25, 1902).</subfield></datafield><datafield ind1=" " ind2=" " tag="500"><subfield code="a">Publisher varies.</subfield></datafield><datafield ind1=" " ind2=" " tag="500"><subfield code="a">Editor: Pitt Cravath, &lt;1876&gt;.</subfield></datafield><datafield ind1=" " ind2=" " tag="588"><subfield code="a">Description based on: Vol. 1, no. 38 (Nov. 29, 1866).</subfield></datafield><datafield ind1=" " ind2=" " tag="752"><subfield code="a">United States</subfield><subfield code="b">Iowa</subfield><subfield code="c">Kossuth</subfield><subfield code="d">Algona.</subfield></datafield><datafield ind1="0" ind2="0" tag="780"><subfield code="t">Algona pioneer press</subfield><subfield code="w">(DLC)sn 87057737</subfield></datafield><datafield ind1="0" ind2="7" tag="785"><subfield code="t">Algona Republican</subfield><subfield code="w">(DLC)sn 84027022</subfield></datafield><datafield ind1="0" ind2="7" tag="785"><subfield code="t">Upper Des Moines Republican</subfield><subfield code="w">(DLC)sn 87057738</subfield></datafield></record>